@online{fast_facts,
	ALTauthor = {Centers for Disease Control and Prevention},
	title = {Diabetes Fast Facts},
	date = {2022},
	url = {https://www.cdc.gov/diabetes/basics/quick-facts.html},
}
